<record><leader>00000cas a2200000 a 4500</leader><controlfield tag="001">15722654</controlfield><controlfield tag="008">870521d18851912iluwr ne      0    0eng c</controlfield><datafield ind1=" " ind2=" " tag="010"><subfield code="a">sn 87082486 </subfield></datafield><datafield ind1=" " ind2=" " tag="040"><subfield code="a">NPV</subfield><subfield code="b">eng</subfield><subfield code="c">NPV</subfield><subfield code="d">NVF</subfield><subfield code="d">OCLCQ</subfield><subfield code="d">OCLCF</subfield><subfield code="d">OCLCO</subfield></datafield><datafield ind1="1" ind2=" " tag="029"><subfield code="a">AU@</subfield><subfield code="b">000020479982</subfield></datafield><datafield ind1=" " ind2=" " tag="042"><subfield code="a">pcc</subfield></datafield><datafield ind1=" " ind2=" " tag="043"><subfield code="a">n-us-il</subfield></datafield><datafield ind1="0" ind2=" " tag="130"><subfield code="a">Washington news (Washington, Ill.)</subfield></datafield><datafield ind1="1" ind2="4" tag="245"><subfield code="a">The Washington news.</subfield></datafield><datafield ind1=" " ind2=" " tag="260"><subfield code="a">Washington, Ill. :</subfield><subfield code="b">[s.n.],</subfield><subfield code="c">1885-1912.</subfield></datafield><datafield ind1=" " ind2=" " tag="300"><subfield code="a">v.</subfield></datafield><datafield ind1=" " ind2=" " tag="310"><subfield code="a">Weekly</subfield></datafield><datafield ind1="0" ind2=" " tag="362"><subfield code="a">Vol. 9, no. 441 (May 28, 1885)-v. 36, no. 15 (Nov. 12, 1912).</subfield></datafield><datafield ind1=" " ind2=" " tag="580"><subfield code="a">Daily ed. during annual Home-Coming Week: Home-coming daily, 1910-1912.</subfield></datafield><datafield ind1=" " ind2=" " tag="580"><subfield code="a">Formed by the union of: Washington Republican (Washington, Ill.), and: Washington herald (Washington, Ill.).</subfield></datafield><datafield ind1=" " ind2=" " tag="580"><subfield code="a">Merged with: Washington post (Washington, Ill.), to form: Washington post and news.</subfield></datafield><datafield ind1=" " ind2="0" tag="651"><subfield code="a">Washington (Ill.)</subfield><subfield code="v">Newspapers.</subfield></datafield><datafield ind1=" " ind2="7" tag="655"><subfield code="a">Newspapers.</subfield><subfield code="2">fast</subfield><subfield code="0">(OCoLC)fst01423814</subfield></datafield><datafield ind1=" " ind2="7" tag="651"><subfield code="a">Illinois</subfield><subfield code="z">Washington.</subfield><subfield code="2">fast</subfield><subfield code="0">(OCoLC)fst01250148</subfield></datafield><datafield ind1=" " ind2=" " tag="752"><subfield code="a">United States</subfield><subfield code="b">Illinois</subfield><subfield code="c">Tazewell</subfield><subfield code="d">Washington.</subfield></datafield><datafield ind1="1" ind2=" " tag="775"><subfield code="t">Home-coming daily</subfield><subfield code="w">(DLC)sn 90054602</subfield><subfield code="w">(OCoLC)22198760</subfield></datafield><datafield ind1="1" ind2="4" tag="780"><subfield code="t">Washington Republican (Washington, Ill.)</subfield><subfield code="w">(DLC)sn 87082485</subfield><subfield code="w">(OCoLC)15722356</subfield></datafield><datafield ind1="1" ind2="4" tag="780"><subfield code="t">Washington herald (Washington, Ill.)</subfield><subfield code="w">(DLC)sn 85034263</subfield><subfield code="w">(OCoLC)12599559</subfield></datafield><datafield ind1="1" ind2="7" tag="785"><subfield code="t">Washington post (Washington, Ill.)</subfield><subfield code="w">(DLC)sn 90054597</subfield><subfield code="w">(OCoLC)22198817</subfield></datafield><datafield ind1="1" ind2="7" tag="785"><subfield code="t">Washington post and news</subfield><subfield code="w">(DLC)sn 87082495</subfield><subfield code="w">(OCoLC)15746938</subfield></datafield></record>